<?xml version="1.0" encoding="UTF-8"?><record xmlns="http://www.loc.gov/MARC21/slim" xmlns:cinclude="http://apache.org/cocoon/include/1.0" xmlns:zs="http://www.loc.gov/zing/srw/">
  <leader>00465cz  a2200145n  4500</leader>
  <controlfield tag="001">n 2011019070</controlfield>
  <controlfield tag="003">DLC</controlfield>
  <controlfield tag="005">20110506095606.0</controlfield>
  <controlfield tag="008">110321n| acannaabn          |n aaa      </controlfield>
  <datafield tag="010" ind1=" " ind2=" ">
    <subfield code="a">n 2011019070</subfield>
  </datafield>
  <datafield tag="035" ind1=" " ind2=" ">
    <subfield code="a">(OCoLC)oca08804301</subfield>
  </datafield>
  <datafield tag="040" ind1=" " ind2=" ">
    <subfield code="a">DLC</subfield>
    <subfield code="b">eng</subfield>
    <subfield code="c">DLC</subfield>
    <subfield code="d">PPi-MA</subfield>
  </datafield>
  <datafield tag="100" ind1="1" ind2=" ">
    <subfield code="a">Hefte, Hilde</subfield>
  </datafield>
  <datafield tag="670" ind1=" " ind2=" ">
    <subfield code="a">An evening in Prague [SR] 2007:</subfield>
    <subfield code="b">label (Hilde Hefte)</subfield>
  </datafield>
  <datafield tag="670" ind1=" " ind2=" ">
    <subfield code="a">Norwegian Wikipedia, May 4, 2011</subfield>
    <subfield code="b">(Hilde Hefte; b. 1956; Norwegian jazz vocalist from Kristiansand)</subfield>
  </datafield>
</record>